<?xml version="1.0" encoding="UTF-8"?><collection xmlns="http://www.loc.gov/MARC21/slim"><record><leader>00702nam--2200193-i-4500</leader><controlfield tag="001">000019829</controlfield><controlfield tag="002">20161230</controlfield><controlfield tag="005">20170115233500</controlfield><controlfield tag="008">060222s1000------------r-----000-0-eng-d</controlfield><datafield ind1=" " ind2=" " tag="040"><subfield code="a">IFIN-HH</subfield></datafield><datafield ind1=" " ind2=" " tag="080"><subfield code="a">537.962:535.33:621.029.6(035.5)(083.5)(01)</subfield></datafield><datafield ind1="1" ind2=" " tag="100"><subfield code="a">Jehn, H</subfield></datafield><datafield ind1="1" ind2="0" tag="245"><subfield code="a">Zaed gases and carbon in metals. (Thermodynamics, kinetics and properties). Part IV. Actinides (U, Th, Pu, Pa, Np, Am, Cm, Bk, Cf)</subfield><subfield code="c">H. Jehn, E. Fromm, G. Horz</subfield></datafield><datafield ind1=" " ind2=" " tag="260"><subfield code="a">Eggenstein-Leopoldshaften</subfield><subfield code="b">Zentralstelle Fur Atomkernenergie-dokumentation</subfield><subfield code="c">1978</subfield></datafield><datafield ind1=" " ind2=" " tag="300"><subfield code="a">24 p</subfield></datafield><datafield ind1=" " ind2=" " tag="490"><subfield code="a">Physik Daten Physics Data 5-4 1978</subfield></datafield><datafield ind1="1" ind2=" " tag="700"><subfield code="a">Fromm, E</subfield><subfield code="e">Horz, G</subfield></datafield><datafield ind1=" " ind2=" " tag="852"><subfield code="a">47445</subfield><subfield code="c">53.081</subfield></datafield><datafield ind1=" " ind2=" " tag="CAT"><subfield code="a">SYS</subfield><subfield code="c">20170115</subfield><subfield code="h">233500</subfield></datafield></record></collection>